<record><leader>00000cas a22000007a 4500</leader><controlfield tag="001">13726756</controlfield><controlfield tag="008">860613d19121918wiuwr ne      0    0eng d</controlfield><datafield ind1=" " ind2=" " tag="010"><subfield code="a">sn 86086245 </subfield></datafield><datafield ind1=" " ind2=" " tag="040"><subfield code="a">NPV</subfield><subfield code="b">eng</subfield><subfield code="c">NPV</subfield><subfield code="d">OCLCQ</subfield></datafield><datafield ind1=" " ind2=" " tag="042"><subfield code="a">msc</subfield></datafield><datafield ind1="0" ind2=" " tag="130"><subfield code="a">Cornell courier (Cornell, Wis. : 1912)</subfield></datafield><datafield ind1="1" ind2="4" tag="245"><subfield code="a">The Cornell courier.</subfield></datafield><datafield ind1=" " ind2=" " tag="260"><subfield code="a">Cornell, Wis. :</subfield><subfield code="b">Cornell-Wood-Board Printery,</subfield><subfield code="c">-1918.</subfield></datafield><datafield ind1=" " ind2=" " tag="300"><subfield code="a">v.</subfield></datafield><datafield ind1=" " ind2=" " tag="310"><subfield code="a">Weekly</subfield></datafield><datafield ind1=" " ind2=" " tag="321"><subfield code="a">Semiweekly,</subfield><subfield code="b">Vol. 5, no. 3 1/2 (Mar. 13, 1917)-v. 5, no. 9 [i.e. 10] (Apr. 19 [i.e. 23], 1917)</subfield></datafield><datafield ind1=" " ind2=" " tag="321"><subfield code="a">Weekly,</subfield><subfield code="b">(June 8, 1916)-(Mar. 8, 1917)</subfield></datafield><datafield ind1="0" ind2=" " tag="362"><subfield code="a">-v. 6, no. 1 (Mar. 15, 1918).</subfield></datafield><datafield ind1="1" ind2=" " tag="362"><subfield code="a">Began in 1912?</subfield></datafield><datafield ind1=" " ind2=" " tag="500"><subfield code="a">"Official paper for the City of Cornell and Town of Holcombe.</subfield></datafield><datafield ind1=" " ind2=" " tag="588"><subfield code="a">Description based on: Vol. 4, no. 18 (June 8, 1916).</subfield></datafield><datafield ind1=" " ind2=" " tag="752"><subfield code="a">United States</subfield><subfield code="b">Wisconsin</subfield><subfield code="c">Chippewa</subfield><subfield code="d">Cornell.</subfield></datafield><datafield ind1=" " ind2=" " tag="752"><subfield code="a">United States</subfield><subfield code="b">Wisconsin</subfield><subfield code="c">Chippewa</subfield><subfield code="d">Holcombe.</subfield></datafield><datafield ind1="0" ind2="0" tag="785"><subfield code="t">Chippewa Valley courier</subfield><subfield code="w">(DLC)sn 86086247</subfield></datafield><datafield ind1="1" ind2=" " tag="029"><subfield code="a">AU@</subfield><subfield code="b">000023451066</subfield></datafield></record>